@ARTICLE{overbye_102, 
author={A. B. {Birchfield} and K. M. {Gegner} and T. {Xu} and K. S. {Shetye} and T. J. {Overbye}}, 
journal={{IEEE Transactions on Power Systems}}, 
title={{Statistical Considerations in the Creation of Realistic Synthetic Power Grids for Geomagnetic Disturbance Studies}},
year={2017},
volume={32}, 
number={2}, 
pages={1502-1510}, 
month={Mar},}

@INPROCEEDINGS{overbye_101, 
	author={K. M. {Gegner} and A. B. {Birchfield} and {Ti Xu} and K. S. {Shetye} and T. J. {Overbye}}, 
	booktitle={{2016 IEEE Power and Energy Conference at Illinois (PECI)}}, 
	title={{A Methodology for the Creation of Geographically Realistic Synthetic Power Flow Models}}, 
	year={2016},
	pages={1-6},
	month={Feb},}


@INPROCEEDINGS{swapna_2018, 
	author={S. {Thorve} and S. {Swarup} and A. {Marathe} and Y. {Chungbaek} and E. K. {Nordberg} and M. V. {Marathe}}, 
	booktitle={{2018 Winter Simulation Conference (WSC)}}, 
	title={{Simulating Residential Energy Demand in Urban and Rural Areas}}, 
	year={2018}, 
	pages={548-559},
	month={Dec},}

@misc{eia_substations,
	author = {{U.S. Department of Homeland Security}},
	title = {{Electric Substations}},
	howpublished = {\url{https://hifld-geoplatform.opendata.arcgis.com/datasets/electric-substations}},
	note = {Updated: 2019-07-09}
}

@misc{eia_transmission,
	author = {{U.S. Department of Homeland Security}},
	title = {{Electric Power Transmission Lines}},
	howpublished = {\url{https://hifld-geoplatform.opendata.arcgis.com/datasets/electric-power-transmission-lines}},
	note = {Updated: 2018-10-12}
}

@misc{navteq,
	author = {{NAVTEQ}},
	title = {{Title of NAVTEQ data set webpage}},
	howpublished = {\url{https://www.navteq.com}},
	note = {Accessed: }
}