@ARTICLE{overbye_102, 
author={A. B. {Birchfield} and K. M. {Gegner} and T. {Xu} and K. S. {Shetye} and T. J. {Overbye}}, 
journal={{IEEE Transactions on Power Systems}}, 
title={{Statistical Considerations in the Creation of Realistic Synthetic Power Grids for Geomagnetic Disturbance Studies}},
year={2017},
volume={32}, 
number={2}, 
pages={1502-1510}, 
month={Mar},}