@ARTICLE{overbye_102, 
author={A. B. {Birchfield} and K. M. {Gegner} and T. {Xu} and K. S. {Shetye} and T. J. {Overbye}}, 
journal={{IEEE Transactions on Power Systems}}, 
title={{Statistical Considerations in the Creation of Realistic Synthetic Power Grids for Geomagnetic Disturbance Studies}},
year={2017},
volume={32}, 
number={2}, 
pages={1502-1510}, 
month={Mar},}

@INPROCEEDINGS{overbye_101, 
	author={K. M. {Gegner} and A. B. {Birchfield} and {Ti Xu} and K. S. {Shetye} and T. J. {Overbye}}, 
	booktitle={{2016 IEEE Power and Energy Conference at Illinois (PECI)}}, 
	title={{A Methodology for the Creation of Geographically Realistic Synthetic Power Flow Models}}, 
	year={2016},
	pages={1-6},
	month={Feb},}


@INPROCEEDINGS{swapna_2018, 
	author={S. {Thorve} and S. {Swarup} and A. {Marathe} and Y. {Chungbaek} and E. K. {Nordberg} and M. V. {Marathe}}, 
	booktitle={{2018 Winter Simulation Conference (WSC)}}, 
	title={{Simulating Residential Energy Demand in Urban and Rural Areas}}, 
	year={2018}, 
	pages={548-559},
	month={Dec},}

@misc{eia_substations,
	author = {{U.S. Department of Homeland Security}},
	title = {{Electric Substations}},
	howpublished = {\url{https://hifld-geoplatform.opendata.arcgis.com/datasets/electric-substations}},
	note = {Updated: 2019-07-09}
}

@misc{eia_transmission,
	author = {{U.S. Department of Homeland Security}},
	title = {{Electric Power Transmission Lines}},
	howpublished = {\url{https://hifld-geoplatform.opendata.arcgis.com/datasets/electric-power-transmission-lines}},
	note = {Updated: 2018-10-12}
}

@misc{navteq,
	author = {{NAVTEQ}},
	title = {{Title of NAVTEQ data set webpage}},
	howpublished = {\url{https://www.navteq.com}},
	note = {Accessed: }
}

@misc{manish2019,
	title={Enforcing Radiality Constraints for DER-Aided Power Distribution Grid Reconfiguration},
	author={Manish K. Singh and Vassilis Kekatos and Sina Taheri and Kevin P. Schneider and Chen-Ching Liu},
	year={2019},
	eprint={1910.03020},
	archivePrefix={arXiv},
	primaryClass={eess.SY}
}

@Article{wei2019,
author={WEI, Wei
and Wu, Danman
and Wu, Qiuwei
and Shafie-Khah, Miadreza
and Catal{\~A}O, Jo{\~a}o P. S.},
title={Interdependence between transportation system and power distribution system: a comprehensive review on models and applications},
journal={{Journal of Modern Power Systems and Clean Energy}},
year={2019},
month={May},
volume={7},
number={3},
pages={433--448},
}

@INPROCEEDINGS{rad_prot,
author={A. {Zamani} and T. {Sidhu} and A. {Yazdani}},
booktitle={{IEEE PES General Meeting}},
title={{A strategy for protection coordination in radial distribution networks with distributed generators}},
year={2010},
pages={1-8},
month={July},}

@INPROCEEDINGS{rad_der,
author={P. P. {Barker} and R. W. {De Mello}},
booktitle={2000 Power Engineering Society Summer Meeting},
title={{Determining the impact of distributed generation on power systems. I. Radial distribution systems}},
year={2000},
volume={3},
pages={1645-1656},
month={July},}

@article{quadtree1974,
  title={{Quad trees a data structure for retrieval on composite keys}},
  author={Raphael A. Finkel and Jon Louis Bentley},
  journal={{Acta Informatica}},
  year={1974},
  volume={4},
  pages={1-9}
}